[gd_scene load_steps=5 format=3 uid="uid://bh6e4icbb2yrp"]

[ext_resource type="PackedScene" uid="uid://4awwoet0slb6" path="res://File.tscn" id="1"]
[ext_resource type="Script" path="res://GitSimulator.gd" id="2"]
[ext_resource type="PackedScene" uid="uid://b4ix2d6nu2uri" path="res://Commit.tscn" id="3"]
[ext_resource type="PackedScene" uid="uid://bxd6urlm35114" path="res://CommitInfo.tscn" id="4"]

[node name="GitSimulator" type="Control"]
layout_mode = 3
anchors_preset = 15
anchor_right = 1.0
anchor_bottom = 1.0
grow_horizontal = 2
grow_vertical = 2
script = ExtResource("2")
STAGEAREA_PLACE_PATH = NodePath("Panel/GitArea/StageArea")
LOCALREPOSITORY_PLACE_PATH = NodePath("Panel/GitArea/LocalRepository")
WORKSPACE_PATH = NodePath("Panel/GitArea/Workspace/WorkspacePlace/WorkspaceFiles")
STAGEAREA_PATH = NodePath("Panel/GitArea/StageArea/StageAreaPlace/StagedFiles")
LOCALREPOSITORY_PATH = NodePath("Panel/GitArea/LocalRepository/LocalRepositoryPlace/LocalRepositoryCommits")
COMMAND_LINE_PATH = NodePath("Panel/CommandLine")
COMMIT_INFO_PATH = NodePath("CommitInfo")
file_resource = ExtResource("1")
commit_resource = ExtResource("3")

[node name="Panel" type="Panel" parent="."]
layout_mode = 0
anchor_right = 1.0
anchor_bottom = 1.0

[node name="CommandLine" type="LineEdit" parent="Panel"]
layout_mode = 0
anchor_top = 0.9
anchor_right = 1.0
anchor_bottom = 1.0

[node name="GitArea" type="HBoxContainer" parent="Panel"]
layout_mode = 0
anchor_right = 1.0
anchor_bottom = 0.7

[node name="Workspace" type="PanelContainer" parent="Panel/GitArea"]
layout_mode = 2
size_flags_horizontal = 3
size_flags_vertical = 3

[node name="WorkspacePlace" type="VBoxContainer" parent="Panel/GitArea/Workspace"]
layout_mode = 2
size_flags_horizontal = 3
size_flags_vertical = 3

[node name="Label" type="Label" parent="Panel/GitArea/Workspace/WorkspacePlace"]
layout_mode = 2
text = "Workspace"

[node name="WorkspaceFiles" type="GridContainer" parent="Panel/GitArea/Workspace/WorkspacePlace"]
layout_mode = 2
size_flags_horizontal = 3
size_flags_vertical = 3
theme_override_constants/h_separation = 150
theme_override_constants/v_separation = 150
columns = 3

[node name="StageArea" type="PanelContainer" parent="Panel/GitArea"]
visible = false
layout_mode = 2
size_flags_horizontal = 3
size_flags_vertical = 3

[node name="StageAreaPlace" type="VBoxContainer" parent="Panel/GitArea/StageArea"]
layout_mode = 2
size_flags_horizontal = 3
size_flags_vertical = 3

[node name="Label" type="Label" parent="Panel/GitArea/StageArea/StageAreaPlace"]
layout_mode = 2
text = "Index"

[node name="StagedFiles" type="GridContainer" parent="Panel/GitArea/StageArea/StageAreaPlace"]
custom_minimum_size = Vector2(150, 150)
layout_mode = 2
size_flags_horizontal = 3
size_flags_vertical = 3
columns = 3

[node name="LocalRepository" type="PanelContainer" parent="Panel/GitArea"]
visible = false
layout_mode = 2
size_flags_horizontal = 3
size_flags_vertical = 3

[node name="LocalRepositoryPlace" type="VBoxContainer" parent="Panel/GitArea/LocalRepository"]
layout_mode = 2
size_flags_horizontal = 3
size_flags_vertical = 3

[node name="Label" type="Label" parent="Panel/GitArea/LocalRepository/LocalRepositoryPlace"]
layout_mode = 2
text = "Local Repository"

[node name="LocalRepositoryCommits" type="GridContainer" parent="Panel/GitArea/LocalRepository/LocalRepositoryPlace"]
custom_minimum_size = Vector2(150, 150)
layout_mode = 2
size_flags_horizontal = 3
size_flags_vertical = 3
columns = 3

[node name="CommitInfo" parent="." instance=ExtResource("4")]

[connection signal="gui_input" from="Panel/CommandLine" to="." method="_on_CommandLine_gui_input"]
[connection signal="text_submitted" from="Panel/CommandLine" to="." method="_on_command_line_text_submitted"]
